%! Author = janci
%! Date = 5/1/23

